<?xml version="1.0" encoding="UTF-8"?><collection xmlns="http://www.loc.gov/MARC21/slim"><record><leader>00540nam--2200193-u-4500</leader><controlfield tag="001">000052257</controlfield><controlfield tag="002">20161230</controlfield><controlfield tag="005">20161230201050</controlfield><controlfield tag="008">100608s1000------------r-----000-0-rus-d</controlfield><datafield ind1=" " ind2=" " tag="040"><subfield code="a">IFIN-HH</subfield></datafield><datafield ind1=" " ind2=" " tag="041"><subfield code="a">rus</subfield></datafield><datafield ind1=" " ind2=" " tag="080"><subfield code="a">519.688=092</subfield></datafield><datafield ind1="1" ind2=" " tag="100"><subfield code="a">Svetozarova, G.I</subfield></datafield><datafield ind1="1" ind2="0" tag="245"><subfield code="a">Praktikim po programmirovanniiu na algoritmiceskih Yazukah</subfield><subfield code="c">G.I. Svetozarova ; E.V. Sighitov ; A.V. Kozloveskii</subfield></datafield><datafield ind1=" " ind2=" " tag="260"><subfield code="a">Moskva</subfield><subfield code="b">Nauka</subfield><subfield code="c">1980</subfield></datafield><datafield ind1=" " ind2=" " tag="300"><subfield code="a">318 p</subfield></datafield><datafield ind1="1" ind2=" " tag="700"><subfield code="a">Kozloveskii, A.V</subfield></datafield><datafield ind1=" " ind2=" " tag="852"><subfield code="a">48963</subfield><subfield code="c">519.2</subfield></datafield><datafield ind1=" " ind2=" " tag="CAT"><subfield code="a">Sys</subfield><subfield code="c">20100608</subfield><subfield code="h">085921</subfield></datafield></record></collection>